@book{RGraphics,
    author    = "Paul Murrell",
    title     = "R Graphics",
    publisher = {Chapman \& Hall/CRC},
    year      = "2005",
    isbn      = {158488486X}
}

@manual{SVGSpec,
    author = {W3C},
    title = {Scalable {V}ector {G}raphics 1.1 ({S}econd {E}dition)},
    month = {June},
    year = {2010},
    note = {\\ \url{http://www.w3.org/TR/SVG/}}
}

@manual{SVGAnnotation,
    title = {{SVGA}nnotation: {T}ools for post-processing {SVG} plots created in {R}},
    author = {Duncan Temple Lang},
    month = {December},
    year = {2010},
    note = {\url{http://www.omegahat.org/SVGAnnotation/}. R package version 0.9-0}
}

@manual{gridSVG,
    title = {grid{SVG}: {E}xport grid graphics as {SVG}},
    author = {Paul Murrell},
    month = {June},
    year = {2011},
    note = {\\ \url{https://r-forge.r-project.org/projects/gridsvg/}. R package version 0.7-0}
}

@manual{easelJS,
    title = {Easel{JS}: {A} {J}avascript library for working with the {HTML}5 canvas element},
    author = {Grant Skinner},
    year = {2010},
    note = {\url{http://easeljs.com/}}
}

@manual{oCanvas,
    title = {o{C}anvas: {O}bject-based {C}anvas {D}rawing},
    author = {Johannes Koggdal},
    month = {March},
    year = {2011},
    note = {\url{http://ocanvas.org/}}
}

@manual{cartoEvent,
    title = {{E}vent {H}andling in {SVG} {A}pplications},
    author = {Andreas Neumann and Andr\'{e} M. Winter},
    month = {March},
    year = {2006},
    note = {\\ \url{http://www.carto.net/svg/eventhandling/}}
}
